@ARTICLE{ChaKelLee11,
   AUTHOR = {Manuel M. T. Chakravarty and Gabriele Keller and Sean Lee and Trevor McDonell and Vinod Grover},
   YEAR = {2011},
   TITLE = {Accelerating Haskell Array Codes with Multicore GPUs},
   JOURNAL = {Declarative Aspects of Multicore Programming},
   PUBLISHER = {ACM Press} }

@ARTICLE{McDChaKel13,
   AUTHOR = {Trevor McDonell and Manuel M. T. Chakravarty and Gabriele Keller and Ben Lippmeier},
   YEAR = {2013},
   TITLE = {Optimising Purely Functional GPU Programs},
   JOURNAL = {ACM SIGPLAN International Conference on Functional Programming},
   PUBLISHER = {ACM Press} }

@ARTICLE{McDChaGro,
   AUTHOR = {Trevor McDonell and Manuel M. T. Chakravarty and Vinod Grover and Ryan R. Newton},
   YEAR = {2015},
   TITLE = {Type-safe Runtime Code Generation: Accelerate to LLVM},
   JOURNAL = {Proceedings of the 2015 ACM SIGPLAN Symposium on Haskell},
   PUBLISHER = {ACM Press} }

@ARTICLE{LeC89,
   AUTHOR = {Y. LeCun},
   YEAR = {1989},
   TITLE = {Generalization and Network Design Strategies},
   JOURNAL = {University of Toronto Connectionist Research Group Technical Report},
   VOLUME = {89},
   SERIES = {4} }
   
@ARTICLE{LeC98,
   AUTHOR = {Y. LeCun and Leon Bottou and Yoshua Bengio and Patrick Haffiner},
   YEAR = {1998},
   TITLE = {Gradient-Based Learning Applied to Document Recognition},
   JOURNAL = {Proceedings of the IEEE 1998},
   VOLUME = {86},
   SERIES = {11} }

@ARTICLE{FleRee,
   AUTHOR = {R. Fletcher and C.M. Reeves},
   YEAR = {1964},
   TITLE = {Function minimization by conjugate gradients},
   JOURNAL = {The Computer Journal},
   VOLUME = {7},
   PAGES = {149--154} }

@ARTICLE{RumHinWil86,
   AUTHOR = {David E. Rumelhart and Geoffrey E. Hinton and Ronald J. Williams},
   YEAR = {1986},
   TITLE = {Learning representations by back-propagating errors},
   JOURNAL = {Nature},
   VOLUME = {323},
   PAGES = {533--536} }

@ARTICLE{LeCBosDen89,
   author = {Y. LeCun and B. Boser and J. S. Denker and D. Henderson and R. E. Howard and W. Hubbard and L.D. Jackel},
   year={1	989},
   title={Backpropagation Applied to Handwritten Zip Code Recognition},
   journal={Neural Computation},
   volume={1},
   pages={541--551} }

@ARTICLE{OhJun04,
   AUTHOR = {Kyoung-Su Oh and Keechul Jung},
   YEAR = {2004},
   TITLE = {GPU implementation of neural networks},
   JOURNAL = {Pattern Recognition},
   VOLUME = {37},
   SERIES = {6},
   PAGES = {1311--1314} }

@ARTICLE{McDPit43,
   AUTHOR = {Warren S. McCulloch and Walter Pitts},
   YEAR = {1943},
   TITLE = {A Logical Calculus of the Ideas Immanent in Nervous Activity},
   JOURNAL = {Bulletin of Mathematical Biology},
   VOLUME = {5},
   PAGES = {115--133} }

@CONFERENCE{LuoLiuWu05,
   AUTHOR = {Zhongwen Luo and Hongzhi Liu and Xincai Wu},
   YEAR = {2005},
   TITLE = {Artficial Neural Network Computation on Graphic Process Unit},
   JOURNAL = {Proceedings of International Joint Conference on Neural Networks},
   ADDRESS = {Montreal, Canada} }

@CONFERENCE{GurFor13,
   AUTHOR = {SÃ¡skya T. A. Gurgel and Andrei de A. Formiga},
   YEAR = {2013},
   TITLE = {Parallel Implementation of Feedforward Neural Networks on GPUs},
   JOURNAL = {Intelligent Systems, 2013 Brazilian Conference on Intelligent Systems},
   PAGES = {143--149} }

@BOOK{Mar13,
   author={Simon Marlow},
   title={Parallel and Concurrent Programming in Haskell},
   edition={1st},
   publisher={O'Reilly Media},
   year={2013},
   address={Sebastopol, CA} }

@BOOK{Nor14,
   author={Russell Norvig},
   title={Artificial Intelligence A Modern Approach},
   edition={3rd},
   publisher={Pearson Education Limited},
   year={2014},
   address={New York City, New York} }

@BOOK{Ros62,
   author={Frank Rosenblatt},
   title={Principles of neurodynamics; perceptrons and the theory of brain mechanisms},
   publisher={Spartan Books},
   year={1962},
   address={Washington, D.C.} }

@BOOK{Lip11,
   author={Miran Lipovaca},
   title={Learn You a Haskell for Great Good!},
   publisher={No Starch Press},
   year={2011} }
   
@BOOK{Nie16,
   author={Michael Nielson},
   title={Neural Networks and Deep Learning},
   publisher={Determination Press},
   year={2015} }
   
@MISC{Ng12,
   author={Andrew Ng},
   title={Machine Learning},
   howpublished={http://\hspace{0cm}\relax
      www.coursera.org/\hspace{0cm}learn\hspace{0cm}\relax
      machine-learning, accessed 01/01/2016 to 30/05/2016},
   year={2016},
   note={Coursera Inc} }

@MISC{Kar16,
   author={Andrej Karpathy},
   title={Neural Networks Part 1: Setting up the Architecture},
   howpublished={http://\hspace{0cm}\relax
      cs231n.github.io/\hspace{0cm}\relax
      neural-networks-1/, accessed 01/01/2016 to 30/05/2016},
   year={2016},
   note={Course notes from CS231n: Convolutional Neural Networks for Visual Recognition at School of Comp.\ Sci.\, Stanford University} }
  
@MISC{Nvi14,
   author={NVIDIA},
   title={CUDA Spotlight: GPU-Accelerated Deep Neural Networks},
   howpublished={https://\hspace{0cm}\relax
      devblogs.nvidia.com/\hspace{0cm}parallelforall/\hspace{0cm}\relax
      cuda-spotlight-gpu-accelerated-deep-neural-networks, accessed 14/04/2016},
   year={2014},
   note={NVIDIA Accelerated Computing} }

@MISC{She14,
   author={Evan Shelhamer},
   title={Deep Learning for Computer Vision with Caffe and cuDNN},
   howpublished={https://\hspace{0cm}\relax
      devblogs.nvidia.com/\hspace{0cm}parallelforall/\hspace{0cm}\relax
      deep-learning-computer-vision-caffe-cudnn, accessed 14/05/2016},
   year={2014},
   note={NVIDIA Accelerated Computing} }
   
@MISC{McD13,
   author={Trevor L. McDonell},
   title={GPGPU Programming in Haskell with Accelerate},
   howpublished={https://\hspace{0cm}\relax
      speakerdeck.com/\hspace{0cm}tmcdonell/\hspace{0cm}\relax
      gpgpu-programming-in-haskell-with-accelerate, accessed 01/04/2016},
   year={2013},
   note={YOW! Lambda Jam 2013 Workshop} }

@UNPUBLISHED{Eve16,
   AUTHOR = {Rob Everest},
   YEAR = {2016},
   TITLE = {Untitled},
   howpublished={https://\hspace{0cm}\relax
      github.com/\hspace{0cm}AccelerateHS/\hspace{0cm}accelerate-examples/\hspace{0cm}\relax
      tree/\hspace{0cm}streaming/\hspace{0cm}\examples/\hspace{0cm}\relax
      classify, accessed 12/04/2016} }
      
@UNPUBLISHED{Goo16,
   AUTHOR = {Ian Goodfellow Yoshua Bengio and Aaron Courville},
   YEAR = {2016},
   TITLE = {Deep Learning},
   URL = {http://www.deeplearningbook.org},
   NOTE = {Book in preparation for MIT Press} }
      
@MISC{Wiki1,
   author = {Unknown},
   title = {MATLAB},
   howpublished={https://\hspace{0cm}\relax
   en.wikipedia.org/\hspace{0cm}wiki/\hspace{0cm}\relax
   MATLAB, accessed 14/05/2016},
   YEAR = {2017},
   note={MATLAB, Wikipedia article} }
   
@MISC{Mat17,
   author={MathWorks},
   title={fminunc},
   howpublished={https://\hspace{0cm}\relax
   au.mathworks.com/\hspace{0cm}help, accessed from 01/03/2017 to 30/05/2017},
   year={2017},
   note={MATLAB} }
   
@MISC{Reb13,
   author={Jason Rebello},
   title={Logistic Regression with regularization used to classify hand written digits},
   howpublished={https://\hspace{0cm}\relax
   au.mathworks.com/\hspace{0cm}fileexchange/\hspace{0cm}\relax
   42770-logistic-regression-with-regularization-used-to-classify-hand-written-digits, accessed 14/05/2017},
   year={2013},
   note={MATLAB} }
   
@MISC{LeCCorBur,
   author={Yann LeCun and Corinna Cortes and Christopher J.C. Burges},
   title={The MNIST Database of handwritten digits},
   howpublished={https://\hspace{0cm}\relax
   yann.lecun.com/\hspace{0cm}exdb/\hspace{0cm}\relax 
   mnist/, accessed 20/05/2017},
   year={n.d.},
   note={Sample database} }
   
@MISC{McDJeo,
   author={Trevor McDonnell and Ji Yong Jeong},
   title={seng4911},
   howpublished={https://\hspace{0cm}\relax
   github.com/\hspace{0cm}suzumo/\hspace{0cm}\relax 
   seng4911/\hspace{0cm}blob/\hspace{0cm}master/\hspace{0cm}\relax 
   haskell/\hspace{0cm}src/\hspace{0cm}MHNN.hs, accessed 01/03/2017 to 31/05/2017},
   year={2017},
   note={Thesis project repository} }

@MISC{Wol17,
   author={Alan Wolfe},
   title={Neural Network Recipe: Recognize Handwritten Digits With 95% Accuracy},
   howpublished={https://\hspace{0cm}\relax
   blog.demofox.org/\hspace{0cm}2017/\hspace{0cm}03/\hspace{0cm}15/\hspace{0cm}\relax 
   neural-network-recipe-recognize-handwritten-digits-with-95-accuracy, accessed 25/05/2017},
   year={2017},
   note={Blog post} }